/Users/acooper/Documents/School/BibTeX/Polarization.bib